% Encoding: UTF-8

@Misc{Duden,
  author = {Bibliographisches Institut GmbH Dudenverlag},
  note   = {(Zugriff: 18.04.2020)},
  title  = {Duden},
  url    = {https://www.duden.de},
}

@book{Papula2006,
  author    = {Papula, Lothar},
  publisher = {Vieweg},
  title     = {{M}athematische {F}ormelsammlung für {I}ngenieure und {N}aturwissenschaftler : mit zahlreichen {R}echenbeispielen und einer ausführlichen {I}ntegraltafel},
  year      = {2006},
  address   = {Wiesbaden},
  isbn      = {9783834801562},
}

@Comment{jabref-meta: databaseType:bibtex;}